<?xml version='1.0' encoding='utf-8'?>
<record xmlns="http://www.loc.gov/MARC21/slim" xmlns:xsi="http://www.w3.org/2001/XMLSchema-instance">
  <leader>00000nam^a2200325^a^4500</leader>
  <controlfield tag="001">004728370</controlfield>
  <controlfield tag="005">20040806110229.0</controlfield>
  <controlfield tag="008">020930s2001^^^^nyua^^^^^c^^^^000^0^eng^d</controlfield>
  <datafield tag="010" ind1=" " ind2=" ">
    <subfield code="a">2001096294</subfield>
  </datafield>
  <datafield tag="020" ind1=" " ind2=" ">
    <subfield code="a">0970879024</subfield>
  </datafield>
  <datafield tag="035" ind1=" " ind2=" ">
    <subfield code="a">(OCoLC)ocm49693051</subfield>
  </datafield>
  <datafield tag="035" ind1=" " ind2=" ">
    <subfield code="a">(III)iiio4096047x</subfield>
  </datafield>
  <datafield tag="040" ind1=" " ind2=" ">
    <subfield code="a">ZRS</subfield>
    <subfield code="c">ZRS</subfield>
    <subfield code="d">OCLCQ</subfield>
    <subfield code="d">EYM</subfield>
  </datafield>
  <datafield tag="090" ind1=" " ind2=" ">
    <subfield code="a">N8217.G437</subfield>
    <subfield code="b">H34 2001x</subfield>
  </datafield>
  <datafield tag="100" ind1="1" ind2=" ">
    <subfield code="a">Heiferman, Marvin.</subfield>
  </datafield>
  <datafield tag="245" ind1="1" ind2="0">
    <subfield code="a">Picturing the genetic revolution now /</subfield>
    <subfield code="c">Marvin Heiferman and Carole Kismaric ; edited by Ian Berry.</subfield>
  </datafield>
  <datafield tag="246" ind1="1" ind2="4">
    <subfield code="a">Paradise now</subfield>
  </datafield>
  <datafield tag="260" ind1=" " ind2=" ">
    <subfield code="a">Saratoga Springs, NY :</subfield>
    <subfield code="b">Tang Museum, Skidmore College ;</subfield>
    <subfield code="a">New York, NY :</subfield>
    <subfield code="b">Distributed by D.A.P./Distributed Art Publishers,</subfield>
    <subfield code="c">c2001.</subfield>
  </datafield>
  <datafield tag="300" ind1=" " ind2=" ">
    <subfield code="a">124 p. :</subfield>
    <subfield code="b">col. ill. ;</subfield>
    <subfield code="c">28 cm.</subfield>
  </datafield>
  <datafield tag="500" ind1=" " ind2=" ">
    <subfield code="a">Catalog of an exhibition held at Exit Art, Sept. 9 - Oct. 28, 2000, The University of Michigan Museum of Art, Mar. 17 - May 27, 2001 and The Tang Museum, Skidmore College, Sept. 15, 2001 - Jan. 6, 2002.--T.p. verso.</subfield>
  </datafield>
  <datafield tag="505" ind1="0" ind2=" ">
    <subfield code="a">Suzanne Anker -- Dennis Ashbaugh -- Aziz + Cucher -- Brandon Ballengée -- Christine Borland -- Nancy Burson and David Kramlich -- Helen Chadwick -- Kevin Clarke -- Keith Cottingham -- Bryan Crockett -- Hans Danuser -- Christine Davis -- Mark Dion -- George Gessert -- Rebecca Howland -- Natalie Jeremijenko -- Ronald Jones -- Eduardo Kac -- David Kremers -- Jane Lackey -- Julian Laverdiere -- Iñigo Manglano-Ovalle -- Karl S. Mihail and Tran T. Kim-Trang -- Larry Miller -- Steve Miller -- Frank Moore -- Alexis Rockman -- Bradley Rubinstein -- Nicolas Rule -- Christy Rupp -- Gary Schneider -- Laura Stein -- Eva Sutton -- Catherine Wagner -- Carrie Mae Weems -- Gail Wight -- Janet Zweig and Laura Bergman.</subfield>
  </datafield>
  <datafield tag="505" ind1="0" ind2=" ">
    <subfield code="a">Now then, promising speed genomics / Mike Fortun -- Something's coming / Frank Moore -- Timeline, a short history of genetics and genomics / Riki Lewis and Bernard Possidente -- Readings in genetics and genomics / Riki Lewis.</subfield>
  </datafield>
  <datafield tag="580" ind1=" " ind2=" ">
    <subfield code="a">Forms part of the University of Michigan. Museum of Art. Publications, 1946-&lt;ongoing&gt;.</subfield>
  </datafield>
  <datafield tag="650" ind1=" " ind2="0">
    <subfield code="a">Genetics in art</subfield>
    <subfield code="v">Exhibitions.</subfield>
  </datafield>
  <datafield tag="650" ind1=" " ind2="0">
    <subfield code="a">Art</subfield>
    <subfield code="x">Themes, motives</subfield>
    <subfield code="v">Exhibitions.</subfield>
  </datafield>
  <datafield tag="700" ind1="1" ind2=" ">
    <subfield code="a">Kismaric, Carole,</subfield>
    <subfield code="d">1942-</subfield>
  </datafield>
  <datafield tag="700" ind1="1" ind2=" ">
    <subfield code="a">Berry, Ian.</subfield>
  </datafield>
  <datafield tag="710" ind1="2" ind2=" ">
    <subfield code="a">Frances Young Tang Teaching Museum and Art Gallery.</subfield>
  </datafield>
  <datafield tag="773" ind1="1" ind2=" ">
    <subfield code="a">University of Michigan</subfield>
    <subfield code="t">Museum of Art (University of Michigan) publications</subfield>
    <subfield code="w">3948255</subfield>
  </datafield>
  <datafield tag="852" ind1="8" ind2=" ">
    <subfield code="a">MiU-H</subfield>
    <subfield code="b">BENT</subfield>
    <subfield code="h">9788 Bimu C450 2</subfield>
  </datafield>
  <datafield tag="997" ind1=" " ind2=" ">
    <subfield code="a">MARS</subfield>
  </datafield>
  <datafield tag="998" ind1=" " ind2=" ">
    <subfield code="c">MCP EM</subfield>
  </datafield>
  <datafield tag="LKR" ind1=" " ind2=" ">
    <subfield code="a">UP</subfield>
    <subfield code="b">003948255</subfield>
    <subfield code="l">MIU01</subfield>
    <subfield code="r">773</subfield>
    <subfield code="m">Picturing the genetic revolution now /</subfield>
    <subfield code="n">[Museum of Art (University of Michigan) publications].</subfield>
  </datafield>
  <datafield tag="955" ind1=" " ind2=" ">
    <subfield code="b">BENT</subfield>
    <subfield code="p">B1980042</subfield>
  </datafield>
</record>
